@misc{preshing2013world,
  title={The world’s simplest lock-free hash table},
  author={Preshing, J},
  year={2013},
  publisher={Jun}
}

@book{giuliani2005quantum,
  title={Quantum theory of the electron liquid},
  author={Giuliani, Gabriele and Vignale, Giovanni},
  year={2005},
  publisher={Cambridge university press}
}

@article{ben2011direct,
  title={Direct selected multireference configuration interaction calculations for large systems using localized orbitals},
  author={Ben Amor, Nadia and Bessac, Fabienne and Hoyau, Sophie and Maynau, Daniel},
  journal={J. Chem. Phys.},
  volume={135},
  number={1},
  pages={014101},
  year={2011},
  publisher={AIP}
}

@article{harrison1991approximating,
  title={Approximating full configuration interaction with selected configuration interaction and perturbation theory},
  author={Harrison, Robert J},
  journal={J. Chem. Phys.},
  volume={94},
  number={7},
  pages={5021--5031},
  year={1991},
  publisher={AIP}
}

@article{buenker1978applicability,
  title={Applicability of the multi-reference double-excitation CI (MRD-CI) method to the calculation of electronic wavefunctions and comparison with related techniques},
  author={Buenker, Robert J and Peyerimhoff, Sigrid D and Butscher, Werner},
  journal={Molecular Physics},
  volume={35},
  number={3},
  pages={771--791},
  year={1978},
  publisher={Taylor \& Francis}
}

@article{buenker1975energy,
  title={Energy extrapolation in CI calculations},
  author={Buenker, Robert J and Peyerimhoff, Sigrid D},
  journal={Theoretica chimica acta},
  volume={39},
  number={3},
  pages={217--228},
  year={1975},
  publisher={Springer}
}

@article{huron1973iterative,
  title={Iterative perturbation calculations of ground and excited state energies from multiconfigurational zeroth-order wavefunctions},
  author={Huron, B and Malrieu, JP and Rancurel, P},
  journal={The Journal of Chemical Physics},
  volume={58},
  number={12},
  pages={5745--5759},
  year={1973},
  publisher={AIP}
}

@article{petruzielo2012semistochastic,
  title={Semistochastic projector monte carlo method},
  author={Petruzielo, FR and Holmes, AA and Changlani, Hitesh J and Nightingale, MP and Umrigar, C. J.},
  journal={Physical review letters},
  volume={109},
  number={23},
  pages={230201},
  year={2012},
  publisher={APS}
}

@article{booth2009fermion,
  title={Fermion Monte Carlo without fixed nodes: A game of life, death, and annihilation in Slater determinant space},
  author={Booth, George H and Thom, Alex JW and Alavi, Ali},
  journal={J. Chem. Phys.},
  volume={131},
  number={5},
  pages={054106},
  year={2009},
  publisher={AIP}
}

@article{kohn1999nobel,
  title={Nobel Lecture: Electronic structure of matter—wave functions and density functionals},
  author={Kohn, Walter},
  journal={Rev. Mod. Phys.},
  volume={71},
  number={5},
  pages={1253},
  year={1999},
  publisher={APS}
}

@article{olivares2015ab,
  title={The ab-initio density matrix renormalization group in practice},
  author={Olivares-Amaya, Roberto and Hu, Weifeng and Nakatani, Naoki and Sharma, Sandeep and Yang, Jun and Chan, Garnet Kin-Lic},
  journal={J. Chem. Phys.},
  volume={142},
  number={3},
  pages={034102},
  year={2015},
  publisher={AIP Publishing}
}

@article{chan2011density,
  title={The density matrix renormalization group in quantum chemistry},
  author={Chan, Garnet Kin-Lic and Sharma, Sandeep},
  journal={Annu. Rev. Phys. Chem.},
  volume={62},
  pages={465--481},
  year={2011},
  publisher={Annual Reviews}
}

@article{chan2002highly,
  title={Highly correlated calculations with a polynomial cost algorithm: A study of the density matrix renormalization group},
  author={Chan, Garnet Kin-Lic and Head-Gordon, Martin},
  journal={J. Chem. Phys.},
  volume={116},
  number={11},
  pages={4462--4476},
  year={2002},
  publisher={AIP}
}

@article{white1999ab,
  title={Ab initio quantum chemistry using the density matrix renormalization group},
  author={White, Steven R and Martin, Richard L},
  journal={J. Chem. Phys.},
  volume={110},
  number={9},
  pages={4127--4130},
  year={1999},
  publisher={AIP}
}

@article{white1993density,
  title={Density-matrix algorithms for quantum renormalization groups},
  author={White, Steven R},
  journal={Physical Review B},
  volume={48},
  number={14},
  pages={10345},
  year={1993},
  publisher={APS}
}

@article{chien2018excited,
  title={Excited States of Methylene, Polyenes, and Ozone from Heat-Bath Configuration Interaction},
  author={Chien, Alan D and Holmes, Adam A and Otten, Matthew and Umrigar, Cyrus J and Sharma, Sandeep and Zimmerman, Paul M},
  journal={The Journal of Physical Chemistry A},
  volume={122},
  number={10},
  pages={2714--2722},
  year={2018},
  publisher={ACS Publications}
}

@article{GuoLiCha-JCTC-18,
  title={A Perturbative Density Matrix Renormalization Group Algorithm for Large Active Spaces},
  author={Guo, Sheng and Li, Zhendong and Chan, Garnet Kin-Lic},
  journal={J. Chem. Theory Comput.},
  year={2018},
  publisher={ACS Publications}
}

@article{raghavachari1989fifth,
  title={A fifth-order perturbation comparison of electron correlation theories},
  author={Raghavachari, Krishnan and Trucks, Gary W and Pople, John A and Head-Gordon, Martin},
  journal={Chemical Physics Letters},
  volume={157},
  number={6},
  pages={479--483},
  year={1989},
  publisher={Elsevier}
}

@article{stuart2012encoding,
  title={Encoding rules and MIME type for Protocol Buffers},
  author={Stuart, Stephen and Fernando, Rex},
  year={2012}
}

@article{StuFer-Protobuf-12,
  title={Encoding rules and MIME type for Protocol Buffers},
  author={Stuart, Stephen and Fernando, Rex},
  journal={https://tools.ietf.org/html/draft-rfernando-protocol-buffers-00},
  year={2012}
}

@article{simard1998photoionization,
  title={Photoionization spectroscopy of dichromium and dimolybdenum: Ionization potentials and bond energies},
  author={Simard, Benoit and Lebeault-Dorget, Marie-Ange and Marijnissen, Adrian and Ter Meulen, JJ},
  journal={J. Chem. Phys.},
  volume={108},
  number={23},
  pages={9668--9674},
  year={1998},
  publisher={AIP}
}

@article{vancoillie2016potential,
  title={Potential energy surface of the chromium dimer re-re-revisited with multiconfigurational perturbation theory},
  author={Vancoillie, Steven and Malmqvist, Per {\AA}ke and Veryazov, Valera},
  journal={J. Chem. Theory Comput.},
  volume={12},
  number={4},
  pages={1647--1655},
  year={2016},
  publisher={ACS Publications}
}

@article{purwanto2015auxiliary,
  title={An auxiliary-field quantum Monte Carlo study of the chromium dimer},
  author={Purwanto, Wirawan and Zhang, Shiwei and Krakauer, Henry},
  journal={J. Chem. Phys.},
  volume={142},
  number={6},
  pages={064302},
  year={2015},
  publisher={AIP Publishing}
}

@article{holmes2017excited,
  title={Excited states using semistochastic heat-bath configuration interaction},
  author={Holmes, Adam A and Umrigar, C. J. and Sharma, Sandeep},
  journal={The Journal of Chemical Physics},
  volume={147},
  number={16},
  pages={164111},
  year={2017},
  publisher={AIP Publishing}
}

@article{kulik2010systematic,
  title={Systematic study of first-row transition-metal diatomic molecules: A self-consistent DFT+ U approach},
  author={Kulik, Heather J and Marzari, Nicola},
  journal={J. Chem. Phys.},
  volume={133},
  number={11},
  pages={114103},
  year={2010},
  publisher={AIP}
}

@article{kulik2008self,
  title={A self-consistent Hubbard U density-functional theory approach to the addition-elimination reactions of hydrocarbons on bare FeO+},
  author={Kulik, Heather J and Marzari, Nicola},
  journal={J. Chem. Phys.},
  volume={129},
  number={13},
  pages={134314},
  year={2008},
  publisher={AIP}
}

@article{kulik2009first,
  title={First-principles study of non-heme Fe (II) halogenase SyrB2 reactivity},
  author={Kulik, Heather J and Blasiak, Leah C and Marzari, Nicola and Drennan, Catherine L},
  journal={Journal of the American Chemical Society},
  volume={131},
  number={40},
  pages={14426--14433},
  year={2009},
  publisher={ACS Publications}
}

@article{schollwock2005density,
  title={The density-matrix renormalization group},
  author={Schollw{\"o}ck, Ulrich},
  journal={Rev. Mod. Phys.},
  volume={77},
  number={1},
  pages={259},
  year={2005},
  publisher={APS}
}

@article{parr1979local,
  title={Local density functional theory of atoms and molecules},
  author={Parr, Robert G and Gadre, Shridhar R and Bartolotti, Libero J},
  journal={Proceedings of the National Academy of Sciences},
  volume={76},
  number={6},
  pages={2522--2526},
  year={1979},
  publisher={National Acad Sciences}
}

@article{perdew1996generalized,
  title={Generalized gradient approximation made simple},
  author={Perdew, John P and Burke, Kieron and Ernzerhof, Matthias},
  journal={Physical review letters},
  volume={77},
  number={18},
  pages={3865},
  year={1996},
  publisher={APS}
}

@article{chien2018excited,
  title={Excited States of Methylene, Polyenes, and Ozone from Heat-Bath Configuration Interaction},
  author={Chien, Alan D and Holmes, Adam A and Otten, Matthew and Umrigar, C. J. and Sharma, Sandeep and Zimmerman, Paul M},
  journal={The Journal of Physical Chemistry A},
  year={2018},
  publisher={ACS Publications}
}

@article{harrison1991approximating,
  title={Approximating full configuration interaction with selected configuration interaction and perturbation theory},
  author={Harrison, Robert J},
  journal={J. Chem. Phys.},
  volume={94},
  number={7},
  pages={5021--5031},
  year={1991},
  publisher={AIP}
}

@article{booth2013towards,
  title={Towards an exact description of electronic wavefunctions in real solids},
  author={Booth, George H and Gr{\"u}neis, Andreas and Kresse, Georg and Alavi, Ali},
  journal={Nature},
  volume={493},
  number={7432},
  pages={365},
  year={2013},
  publisher={Nature Publishing Group}
}

@article{MusSha-JCTC-17,
  title={One-Step Treatment of Spin--Orbit Coupling and Electron Correlation in Large Active Spaces},
  author={Mussard, Bastien and Sharma, Sandeep},
  journal={J. Chem. Theory Comput.},
  volume={14},
  number={1},
  pages={154--165},
  year={2017},
  publisher={ACS Publications}
}

@article{SmiMusHolSha-JCTC-17,
  title={Cheap and near exact CASSCF with large active spaces},
  author={Smith, James ET and Mussard, Bastien and Holmes, Adam A and Sharma, Sandeep},
  journal={J. Chem. Theory Comput.},
  volume={13},
  number={11},
  pages={5468--5478},
  year={2017},
  publisher={ACS Publications}
}

@article{sharma2017semistochastic,
  title={Semistochastic Heat-bath Configuration Interaction method: selected configuration interaction with semistochastic perturbation theory},
  author={Sharma, Sandeep and Holmes, Adam A and Jeanmairet, Guillaume and Alavi, Ali and Umrigar, Cyrus J},
  journal={Journal of Chemical Theory and Computation},
  volume={13},
  number={4},
  pages={1595--1604},
  year={2017},
  publisher={ACS Publications}
}

@article{shepherd2012full,
  title={Full configuration interaction perspective on the homogeneous electron gas},
  author={Shepherd, James J and Booth, George and Gr{\"u}neis, Andreas and Alavi, Ali},
  journal={Physical Review B},
  volume={85},
  number={8},
  pages={081103},
  year={2012},
  publisher={APS}
}

@article{neufeld2017study,
  title={A study of the dense Uniform Electron Gas with high orders of Coupled Cluster},
  author={Neufeld, Verena A and Thom, Alex JW},
  journal={arXiv preprint arXiv:1706.09923},
  year={2017}
}

@article{sharma2017semistochastic,
  title={Semistochastic heat-bath configuration interaction method: selected configuration interaction with semistochastic perturbation theory},
  author={Sharma, Sandeep and Holmes, Adam A and Jeanmairet, Guillaume and Alavi, Ali and Umrigar, Cyrus J},
  journal={J. Chem. Theory Comput.},
  volume={13},
  number={4},
  pages={1595--1604},
  year={2017},
  publisher={ACS Publications}
}

@article{rios2006inhomogeneous,
  title={Inhomogeneous backflow transformations in quantum Monte Carlo calculations},
  author={R{\'\i}os, P L{\'o}pez and Ma, A and Drummond, ND and Towler, MD and Needs, RJ},
  journal={Physical Review E},
  volume={74},
  number={6},
  pages={066701},
  year={2006},
  publisher={APS}
}

@article{holmes2016heat,
  title={Heat-Bath Configuration Interaction: An Efficient Selected Configuration Interaction Algorithm Inspired by Heat-Bath Sampling},
  author={Holmes, Adam A and Tubman, Norm M and Umrigar, C. J.},
  journal={J. Chem. Theory Comput.},
  volume={12},
  number={8},
  pages={3674--3680},
  year={2016},
  publisher={ACS Publications}
}

@article{perdew1986density,
  title={Density-functional approximation for the correlation energy of the inhomogeneous electron gas},
  author={Perdew, John P},
  journal={Physical Review B},
  volume={33},
  number={12},
  pages={8822},
  year={1986},
  publisher={APS}
}

@book{dahl2013local,
  title={Local density approximations in quantum chemistry and solid state physics},
  author={Dahl, Jens Peder and Avery, John},
  year={2013},
  publisher={Springer Science \& Business Media}
}

@article{perdew1996generalized,
  title={Generalized gradient approximation made simple},
  author={Perdew, John P and Burke, Kieron and Ernzerhof, Matthias},
  journal={Physical review letters},
  volume={77},
  number={18},
  pages={3865},
  year={1996},
  publisher={APS}
}

@book{lundqvist2013theory,
  title={Theory of the inhomogeneous electron gas},
  author={Lundqvist, Stig and March, Norman H},
  year={2013},
  publisher={Springer Science \& Business Media}
}

@article{ceperley1980ground,
  title={Ground state of the electron gas by a stochastic method},
  author={Ceperley, David M and Alder, BJ},
  journal={Physical Review Letters},
  volume={45},
  number={7},
  pages={566},
  year={1980},
  publisher={APS}
}

@article{kwon1998effects,
  title={Effects of backflow correlation in the three-dimensional electron gas: Quantum Monte Carlo study},
  author={Kwon, Yongkyung and Ceperley, DM and Martin, Richard M},
  journal={Physical Review B},
  volume={58},
  number={11},
  pages={6800},
  year={1998},
}

@article{shepherd2012investigation,
  title={Investigation of the full configuration interaction quantum Monte Carlo method using homogeneous electron gas models},
  author={Shepherd, James J and Booth, George H and Alavi, Ali},
  journal={J. Chem. Phys.},
  volume={136},
  number={24},
  pages={244101},
  year={2012},
  publisher={AIP}
}

@article{huron1973iterative,
  title={Iterative perturbation calculations of ground and excited state energies from multiconfigurational zeroth-order wavefunctions},
  author={Huron, B and Malrieu, JP and Rancurel, P},
  journal={The Journal of Chemical Physics},
  volume={58},
  number={12},
  pages={5745--5759},
  year={1973},
  publisher={AIP}
}

Davidson diagonalization
@article{Dav-CPC-89,
  title={Super-matrix methods},
  author={Davidson, Ernest R},
  journal={Computer Physics Communications},
  volume={53},
  number={1-3},
  pages={49--60},
  year={1989},
  publisher={Elsevier}
}
